<?xml version="1.0" encoding="UTF-8"?>
<Document xmlns:xsi="http://www.w3.org/2001/XMLSchema-instance" xmlns="urn:iso:std:iso:20022:tech:xsd:camt.052.001.08"
          xsi:schemaLocation="urn:iso:std:iso:20022:tech:xsd:camt.052.001.08 camt.052.001.08.xsd">
    <BkToCstmrAcctRpt>
        <GrpHdr>
            <MsgId>camt52_20231024142221__ONLINEBA</MsgId>
            <CreDtTm>2023-10-24T14:22:21+02:00</CreDtTm>
        </GrpHdr>
        <Rpt>
            <Id>camt0528_ONLINEBA</Id>
            <RptPgntn>
                <PgNb>1</PgNb>
                <LastPgInd>true</LastPgInd>
            </RptPgntn>
            <CreDtTm>2023-10-24T14:22:21+02:00</CreDtTm>
            <Acct>
                <Id>
                    <IBAN>123456789</IBAN>
                </Id>
                <Ccy>EUR</Ccy>
                <Svcr>
                    <FinInstnId>
                        <BICFI>BUMBLEBEE</BICFI>
                        <Nm>Spasskasse</Nm>
                        <Othr>
                            <Id>DE128601243</Id>
                            <Issr>UmsStId</Issr>
                        </Othr>
                    </FinInstnId>
                </Svcr>
            </Acct>
            <Bal>
                <Tp>
                    <CdOrPrtry>
                        <Cd>OPBD</Cd>
                    </CdOrPrtry>
                </Tp>
                <Amt Ccy="EUR">22222.22</Amt>
                <CdtDbtInd>CRDT</CdtDbtInd>
                <Dt>
                    <Dt>2021-09-30</Dt>
                </Dt>
            </Bal>
            <Bal>
                <Tp>
                    <CdOrPrtry>
                        <Cd>CLBD</Cd>
                    </CdOrPrtry>
                </Tp>
                <Amt Ccy="EUR">11111.11</Amt>
                <CdtDbtInd>CRDT</CdtDbtInd>
                <Dt>
                    <Dt>2021-10-01</Dt>
                </Dt>
            </Bal>
            <Ntry>
                <Amt Ccy="EUR">3.50</Amt>
                <CdtDbtInd>DBIT</CdtDbtInd>
                <Sts>
                    <Cd>BOOK</Cd>
                </Sts>
                <BookgDt>
                    <Dt>2021-10-01</Dt>
                </BookgDt>
                <ValDt>
                    <Dt>2021-10-01</Dt>
                </ValDt>
                <AcctSvcrRef>2021-09-30-01.02.03.456789</AcctSvcrRef>
                <BkTxCd/>
                <NtryDtls>
                    <TxDtls>
                        <Refs>
                            <Prtry>
                                <Tp>FI-UMSATZ-ID</Tp>
                                <Ref>2021-09-30-01.02.03.456789</Ref>
                            </Prtry>
                        </Refs>
                        <Amt Ccy="EUR">3.50</Amt>
                        <BkTxCd>
                            <Domn>
                                <Cd>ACMT</Cd>
                                <Fmly>
                                    <Cd>MDOP</Cd>
                                    <SubFmlyCd>COMM</SubFmlyCd>
                                </Fmly>
                            </Domn>
                            <Prtry>
                                <Cd>BBBB+888+6666+000</Cd>
                                <Issr>DK</Issr>
                            </Prtry>
                        </BkTxCd>
                        <RltdPties>
                            <DbtrAcct>
                                <Id>
                                    <Othr>
                                        <Id>123456789</Id>
                                    </Othr>
                                </Id>
                            </DbtrAcct>
                            <CdtrAcct>
                                <Id>
                                    <Othr>
                                        <Id>0000000000</Id>
                                    </Othr>
                                </Id>
                            </CdtrAcct>
                        </RltdPties>
                        <RltdAgts>
                            <DbtrAgt>
                                <FinInstnId>
                                    <Nm>Bank of Money</Nm>
                                    <Othr>
                                        <Id>777777777</Id>
                                    </Othr>
                                </FinInstnId>
                            </DbtrAgt>
                            <CdtrAgt>
                                <FinInstnId>
                                    <Nm>Bank of Money</Nm>
                                    <Othr>
                                        <Id>777777777</Id>
                                    </Othr>
                                </FinInstnId>
                            </CdtrAgt>
                        </RltdAgts>
                        <RmtInf>
                            <Ustrd>Entgeltabrechnung</Ustrd>
                            <Ustrd>siehe Anlage</Ustrd>
                        </RmtInf>
                    </TxDtls>
                </NtryDtls>
                <AddtlNtryInf>ENTGELTABSCHLUSS</AddtlNtryInf>
            </Ntry>
            <Ntry>
                <Amt Ccy="EUR">0.00</Amt>
                <CdtDbtInd>CRDT</CdtDbtInd>
                <Sts>
                    <Cd>BOOK</Cd>
                </Sts>
                <BookgDt>
                    <Dt>2021-10-01</Dt>
                </BookgDt>
                <ValDt>
                    <Dt>2021-10-01</Dt>
                </ValDt>
                <AcctSvcrRef>2021-09-30-01.02.03.456789</AcctSvcrRef>
                <BkTxCd/>
                <NtryDtls>
                    <TxDtls>
                        <Refs>
                            <Prtry>
                                <Tp>FI-UMSATZ-ID</Tp>
                                <Ref>2021-09-30-01.02.03.456789</Ref>
                            </Prtry>
                        </Refs>
                        <Amt Ccy="EUR">0.00</Amt>
                        <BkTxCd>
                            <Domn>
                                <Cd>ACMT</Cd>
                                <Fmly>
                                    <Cd>OPCL</Cd>
                                    <SubFmlyCd>ACCC</SubFmlyCd>
                                </Fmly>
                            </Domn>
                            <Prtry>
                                <Cd>AAAA+999+6666+000</Cd>
                                <Issr>DK</Issr>
                            </Prtry>
                        </BkTxCd>
                        <RltdPties>
                            <DbtrAcct>
                                <Id>
                                    <Othr>
                                        <Id>123456789</Id>
                                    </Othr>
                                </Id>
                            </DbtrAcct>
                            <CdtrAcct>
                                <Id>
                                    <Othr>
                                        <Id>0000000000</Id>
                                    </Othr>
                                </Id>
                            </CdtrAcct>
                        </RltdPties>
                        <RltdAgts>
                            <DbtrAgt>
                                <FinInstnId>
                                    <Nm>Bank of Money</Nm>
                                    <Othr>
                                        <Id>777777777</Id>
                                    </Othr>
                                </FinInstnId>
                            </DbtrAgt>
                            <CdtrAgt>
                                <FinInstnId>
                                    <Nm>Bank of Money</Nm>
                                    <Othr>
                                        <Id>777777777</Id>
                                    </Othr>
                                </FinInstnId>
                            </CdtrAgt>
                        </RltdAgts>
                        <RmtInf>
                            <Ustrd>Abrechnung 30.09.2021</Ustrd>
                            <Ustrd>siehe Anlage</Ustrd>
                        </RmtInf>
                    </TxDtls>
                </NtryDtls>
                <AddtlNtryInf>ABSCHLUSS</AddtlNtryInf>
            </Ntry>
            <Ntry>
                <Amt Ccy="EUR">333.33</Amt>
                <CdtDbtInd>DBIT</CdtDbtInd>
                <Sts>
                    <Cd>BOOK</Cd>
                </Sts>
                <BookgDt>
                    <Dt>2021-10-01</Dt>
                </BookgDt>
                <ValDt>
                    <Dt>2021-10-01</Dt>
                </ValDt>
                <AcctSvcrRef>2021-10-01-05.45.45.438320</AcctSvcrRef>
                <BkTxCd/>
                <NtryDtls>
                    <TxDtls>
                        <Refs>
                            <Prtry>
                                <Tp>FI-UMSATZ-ID</Tp>
                                <Ref>2021-10-01-05.45.45.438320</Ref>
                            </Prtry>
                        </Refs>
                        <Amt Ccy="EUR">333.33</Amt>
                        <BkTxCd>
                            <Domn>
                                <Cd>PMNT</Cd>
                                <Fmly>
                                    <Cd>ICDT</Cd>
                                    <SubFmlyCd>STDO</SubFmlyCd>
                                </Fmly>
                            </Domn>
                            <Prtry>
                                <Cd>NSTO+117+7000+997</Cd>
                                <Issr>DK</Issr>
                            </Prtry>
                        </BkTxCd>
                        <RltdPties>
                            <Dbtr>
                                <Pty>
                                    <Nm>Oompa Loompa</Nm>
                                </Pty>
                            </Dbtr>
                            <DbtrAcct>
                                <Id>
                                    <IBAN>123456789</IBAN>
                                </Id>
                            </DbtrAcct>
                            <Cdtr>
                                <Pty>
                                    <Nm>Dagobert Duck</Nm>
                                </Pty>
                            </Cdtr>
                            <CdtrAcct>
                                <Id>
                                    <IBAN>OK637777777770088888888</IBAN>
                                </Id>
                            </CdtrAcct>
                        </RltdPties>
                        <RltdAgts>
                            <DbtrAgt>
                                <FinInstnId>
                                    <BICFI>BUMBLEBEE</BICFI>
                                </FinInstnId>
                            </DbtrAgt>
                            <CdtrAgt>
                                <FinInstnId>
                                    <BICFI>BUMBLEBEE</BICFI>
                                </FinInstnId>
                            </CdtrAgt>
                        </RltdAgts>
                        <Purp>
                            <Cd>RINP</Cd>
                        </Purp>
                        <RmtInf>
                            <Ustrd>Miete Oompa Loompa, Dumpster Nr. 9</Ustrd>
                        </RmtInf>
                    </TxDtls>
                </NtryDtls>
                <AddtlNtryInf>DAUERAUFTRAG</AddtlNtryInf>
            </Ntry>
            <Ntry>
                <Amt Ccy="EUR">31.60</Amt>
                <CdtDbtInd>DBIT</CdtDbtInd>
                <Sts>
                    <Cd>BOOK</Cd>
                </Sts>
                <BookgDt>
                    <Dt>2021-10-01</Dt>
                </BookgDt>
                <ValDt>
                    <Dt>2021-10-01</Dt>
                </ValDt>
                <AcctSvcrRef>2021-10-01-01.02.03.456789</AcctSvcrRef>
                <BkTxCd/>
                <NtryDtls>
                    <TxDtls>
                        <Refs>
                            <EndToEndId>222281111</EndToEndId>
                            <MndtId>11122233UEFA</MndtId>
                            <Prtry>
                                <Tp>FI-UMSATZ-ID</Tp>
                                <Ref>2021-10-01-01.02.03.456789</Ref>
                            </Prtry>
                        </Refs>
                        <Amt Ccy="EUR">31.60</Amt>
                        <BkTxCd>
                            <Domn>
                                <Cd>PMNT</Cd>
                                <Fmly>
                                    <Cd>RDDT</Cd>
                                    <SubFmlyCd>ESDD</SubFmlyCd>
                                </Fmly>
                            </Domn>
                            <Prtry>
                                <Cd>DDTA+777+9999+111</Cd>
                                <Issr>DK</Issr>
                            </Prtry>
                        </BkTxCd>
                        <RltdPties>
                            <Dbtr>
                                <Pty>
                                    <Nm>Oompa Loompa</Nm>
                                </Pty>
                            </Dbtr>
                            <DbtrAcct>
                                <Id>
                                    <IBAN>123456789</IBAN>
                                </Id>
                            </DbtrAcct>
                            <Cdtr>
                                <Pty>
                                    <Nm>Krakenversicherung</Nm>
                                    <Id>
                                        <PrvtId>
                                            <Othr>
                                                <Id>GO11EDK0K0K0T57555</Id>
                                            </Othr>
                                        </PrvtId>
                                    </Id>
                                </Pty>
                            </Cdtr>
                            <CdtrAcct>
                                <Id>
                                    <IBAN>UL78900432100002044412</IBAN>
                                </Id>
                            </CdtrAcct>
                        </RltdPties>
                        <RltdAgts>
                            <DbtrAgt>
                                <FinInstnId>
                                    <BICFI>BUMBLEBEE</BICFI>
                                </FinInstnId>
                            </DbtrAgt>
                            <CdtrAgt>
                                <FinInstnId>
                                    <BICFI>HULLAHOOP</BICFI>
                                </FinInstnId>
                            </CdtrAgt>
                        </RltdAgts>
                        <RmtInf>
                            <Ustrd>11122233UEFA 31.60 222281111 KRAKEN 01.10.21</Ustrd>
                        </RmtInf>
                    </TxDtls>
                </NtryDtls>
                <AddtlNtryInf>FOLGELASTSCHRIFT</AddtlNtryInf>
            </Ntry>
            <Ntry>
                <Amt Ccy="EUR">190.00</Amt>
                <CdtDbtInd>DBIT</CdtDbtInd>
                <Sts>
                    <Cd>BOOK</Cd>
                </Sts>
                <BookgDt>
                    <Dt>2021-10-01</Dt>
                </BookgDt>
                <ValDt>
                    <Dt>2021-10-01</Dt>
                </ValDt>
                <AcctSvcrRef>2021-10-01-01.02.03.456789</AcctSvcrRef>
                <BkTxCd/>
                <NtryDtls>
                    <TxDtls>
                        <Refs>
                            <EndToEndId>P82-547041109472</EndToEndId>
                            <MndtId>LV0007772211</MndtId>
                            <Prtry>
                                <Tp>FI-UMSATZ-ID</Tp>
                                <Ref>2021-10-01-01.02.03.456789</Ref>
                            </Prtry>
                        </Refs>
                        <Amt Ccy="EUR">190.00</Amt>
                        <BkTxCd>
                            <Domn>
                                <Cd>PMNT</Cd>
                                <Fmly>
                                    <Cd>RDDT</Cd>
                                    <SubFmlyCd>ESDD</SubFmlyCd>
                                </Fmly>
                            </Domn>
                            <Prtry>
                                <Cd>DDTA+777+9999+111</Cd>
                                <Issr>DK</Issr>
                            </Prtry>
                        </BkTxCd>
                        <RltdPties>
                            <Dbtr>
                                <Pty>
                                    <Nm>Oompa Loompa</Nm>
                                </Pty>
                            </Dbtr>
                            <DbtrAcct>
                                <Id>
                                    <IBAN>123456789</IBAN>
                                </Id>
                            </DbtrAcct>
                            <Cdtr>
                                <Pty>
                                    <Nm>Life Insurance</Nm>
                                    <Id>
                                        <PrvtId>
                                            <Othr>
                                                <Id>HA999077701113377</Id>
                                            </Othr>
                                        </PrvtId>
                                    </Id>
                                </Pty>
                            </Cdtr>
                            <CdtrAcct>
                                <Id>
                                    <IBAN>BO4B5XX44440333888</IBAN>
                                </Id>
                            </CdtrAcct>
                            <UltmtCdtr>
                                <Pty>
                                    <Nm>Insurance Corner</Nm>
                                </Pty>
                            </UltmtCdtr>
                        </RltdPties>
                        <RltdAgts>
                            <DbtrAgt>
                                <FinInstnId>
                                    <BICFI>BUMBLEBEE</BICFI>
                                </FinInstnId>
                            </DbtrAgt>
                            <CdtrAgt>
                                <FinInstnId>
                                    <BICFI>HULLAHOOP</BICFI>
                                </FinInstnId>
                            </CdtrAgt>
                        </RltdAgts>
                        <RmtInf>
                            <Ustrd>Life LV-1-1234-4321 Loompa Oompa 01.10.2021</Ustrd>
                        </RmtInf>
                    </TxDtls>
                </NtryDtls>
                <AddtlNtryInf>FOLGELASTSCHRIFT</AddtlNtryInf>
            </Ntry>
        </Rpt>
    </BkToCstmrAcctRpt>
</Document>